
@inbook{applicationcg,
	author="Горюнова А.М., Омельченко Т.В.,Омельченко  П.Н., Муслимов  Д.А.",
	title="Применение компьютерной графики для решения экономических и инженерных задач : учебное пособие.",
	publisher="--- Оренбург:  ОГУ",
	language="russian",
	year=2018,
	pages="153"
}

@inbook{roders,
	author="Роджерс Д.",
	title="Алгоритмические основы машинной графики: Пер. с англ.",
	publisher="--- СПб: БХВ-Петербург",
	language="russian",
	year=1989,
	pages="512"
}

@misc{zbuffer,
	title="Алгоритм, использующий Z-буфер [Электронный ресурс].",
	howpublished="--- Режим доступа: \url{https://web.posibnyky.vntu.edu.ua/fitki/8romanyuk_komp_grafika/zmg/zmg/45.htm} (дата обращения: 20.10.2023)."
}

@misc{raytracin,
	title="Алгоритм обратной трассировки лучей [Электронный ресурс].",
	howpublished="--- Режим доступа: \url{https://dzen.ru/a/YozcqGjmRidwVBUz} (дата обращения: 20.10.2023)."
}

@misc{light-model,
	title="Простые модели освещения [Электронный ресурс].",
	howpublished="--- Режим доступа: \url{https://grafika.me/node/344} (дата обращения: 24.09.2022)."
}

@misc{ray-tracing,
	title="Метод прямой и обратной трассировки [Электронный ресурс].",
	howpublished="--- Режим доступа: \url{https://en.cppreference.com/w/c/language} (дата обращения: 14.10.2023)."
}

@misc{qt-creator,
	title="Qt Creator Manual [Электронный ресурс].",
	howpublished="--- Режим доступа: \url{https://doc.qt.io/qtcreator} (дата обращения: 30.10.2023)"
}

@misc{cpp-lang,
	title="Документация по языку C++ [Электронный ресурс].",
	howpublished="--- Режим доступа: \url{https://learn.microsoft.com/ru-ru/cpp/cpp/?view=msvc-160} (дата обращения: 30.10.2023)."
}

@misc{c-lang-time,
	title="Определение текущего времени с высокой точностью [Электронный ресурс].",
	howpublished="--- Режим доступа: \url{http://all-ht.ru/inf/prog/c/func/clock_gettime.html} (дата обращения: 30.10.2023)."
}

@misc{intel,
	title="Intel [Электронный ресурс].",
	howpublished="--- Режим доступа: \url{https://ark.intel.com/content/www/ru/ru/ark/products/201839/intel-core-i510300h-processor-8m-cache-up-to-4-50-ghz.html} (дата обращения: 25.09.2023)"
}



